% bib file for HMM

@article{bartlettEvolution,
   author = {Bartlett, F. A. and Dyer, F. C. and Pennock, R. T.},
   title = {Evolution of migratory-like behavior in Avidians},
   journal = {Artificial Life},
   volume = {13},
   year = {2012}
}

@article{feldman2004representing,
  title={Representing honey bee behavior for recognition using human trainable models},
  author={Feldman, Adam and Balch, Tucker},
  journal={Adaptive Behavior},
  volume={12},
  number={3-4},
  pages={241--250},
  year={2004},
  publisher={SAGE Publications}
}

@article{scholes2006courtship,
  title={Courtship ethology of Carola's Parotia (\textit{Parotia carolae})},
  author={Scholes III, Edwin and Sodhi, NS},
  journal={The Auk},
  volume={123},
  number={4},
  pages={967--990},
  year={2006},
  publisher={BioOne}
}

@article{townsend2011deciding,
  title={Deciding when to explore and when to persist: a comparison of honeybees and bumblebees in their response to downshifts in reward},
  author={Townsend-Mehler, John M and Dyer, Fred C and Maida, Kim},
  journal={Behavioral ecology and sociobiology},
  volume={65},
  number={2},
  pages={305--312},
  year={2011},
  publisher={Springer}
}

@article{townsend2012integrated,
  title={An integrated look at decision-making in bees as they abandon a depleted food source},
  author={Townsend-Mehler, John M and Dyer, Fred C},
  journal={Behavioral Ecology and Sociobiology},
  volume={66},
  number={2},
  pages={275--286},
  year={2012},
  publisher={Springer}
}
   
@article{wei2009investing,
  title={Investing in learning: why do honeybees, \textit{Apis mellifera}, vary the durations of learning flights?},
  author={Wei, Cynthia A and Dyer, Fred C},
  journal={Animal Behaviour},
  volume={77},
  number={5},
  pages={1165--1177},
  year={2009},
  publisher={Elsevier}
}

@article{wei2002deciding,
  title={Deciding to learn: modulation of learning flights in honeybees, \textit{Apis mellifera}},
  author={Wei, C and Rafalko, S and Dyer, F},
  journal={Journal of Comparative Physiology A},
  volume={188},
  number={9},
  pages={725--737},
  year={2002},
  publisher={Springer}
}

@article{Houston:1976wh,
  author = {Houston, A and McFarland, D},
  title = {{On the measurement of motivational variables}},
  journal = {Animal Behaviour},
  volume={24},
  number={2},
  pages={459--475},
  year = {1976}
}

@incollection{Krogh:1998vm,
author = {Krogh, Anders},
title = {{An Introduction to Hidden Markov Models for Biological Sequences}},
booktitle = {Computational Methods in Molecular Biology},
year = {1998}
}

@article{Patterson:2009bc,
author = {Patterson, Toby A and Basson, Marinelle and Bravington, Mark V and Gunn, John S},
title = {{Classifying movement behaviour in relation to environmental conditions using hidden Markov models}},
journal = {Journal of Animal Ecology},
volume={78},
  number={6},
  pages={1113--1123},
year = {2009}
}

@article{Rimey:1991gi,
author = {Rimey, Raymond D and Brown, Christopher M},
title = {{Controlling eye movements with hidden Markov models}},
journal = {International Journal of Computer Vision},
volume={7},
  number={1},
  pages={47--65},
year = {1991}
}

@article{Carola:2011ei,
author = {Carola, Valeria and Mirabeau, Olivier and Gross, Cornelius T},
title = {{Hidden Markov model analysis of maternal behavior patterns in inbred and reciprocal hybrid mice.}},
journal = {PLoS ONE},
volume={6},
  number={3},
  pages={e14753},
year = {2011}
}

@article{MacDonald:1995bu,
author = {MacDonald, Iain L and Raubenheimer, David},
title = {{Hidden Markov Models and Animal Behaviour}},
journal = {Biometrical journal},
volume={37},
  number={6},
  pages={701--712},
year = {1995}
}

@article{Morgan:1976tv,
author = {Morgan, BJT},
title = {{Markov properties of sequences of behaviours}},
journal = {Applied Statistics},
pages={31--36},
volume={25},
year = {1976}
}

@article{Altman:2007ix,
author = {Altman, Rachel MacKay},
title = {{Mixed hidden Markov models: an extension of the hidden Markov model to the longitudinal data setting}},
journal = {Journal of the American Statistical Association},
volume={102},
  number={477},
  pages={201--210},
year = {2007}
}

@article{Maruotti:2011jt,
author = {Maruotti, Antonello},
title = {{Mixed Hidden Markov Models for Longitudinal Data: An Overview}},
journal = {International Statistical Review},
volume={79},
  number={3},
  pages={427--454},
year = {2011}
}

@article{Zucchini:2008tw,
author = {Zucchini, Walter and Raubenheimer, David and MacDonald, Iain L},
title = {{Modeling Time Series of Animal Behavior by Means of a Latent-State Model with Feedback}},
journal = {Biometrics},
volume={64},
  number={3},
  pages={807--815},
year = {2008}
}

@article{SchlieheDiecks:2012fc,
author = {Schliehe-Diecks, S and Kappeler, P M and Langrock, R},
title = {{On the application of mixed hidden Markov models to multiple behavioural time series.}},
journal = {Interface focus},
volume={2},
  number={2},
  pages={180--189},
year = {2012}
}

@article{Sibly:1976wq,
author = {Sibly, Richard and McFarland, David},
title = {{On the fitness of behavior sequences}},
journal = {American Naturalist},
volume={110},
pages={601--617},
year = {1976}
}


@misc{stan-software:2013,
  author = {{Stan Development Team}},
  year = {2013},
  title = {Stan: A C++ Library for Probability and Sampling,
           Version 2.1},
  url = {http://mc-stan.org/}
}

@article{hoffman-gelman:2013,
  author = {Matthew D. Hoffman and Andrew Gelman},
  year = {2013},
  title = {The No-{U}-Turn Sampler: Adaptively Setting Path Lengths
           in {H}amiltonian {M}onte {C}arlo},
  journal = {Journal of Machine Learning Research},
  volume = {in press}
}

@manual{stan-manual:2013,
  author = {{Stan Development Team}},
  year = {2013},
  title = {Stan Modeling Language Users Guide and Reference Manual,
           Version 2.1},
  url = {http://mc-stan.org/}
}

@article{wagner2013arms,
  title={Arms Races and Strategy Chases Promote the Evolution of Prey Intelligence},
  author={Wagner, Aaron P and Zaman, Luis and Dworkin, Ian and Ofria, Charles},
  journal={arXiv preprint arXiv:1310.1369},
  year={2013}
}

@article{stanke2003gene,
  title={Gene prediction with a hidden Markov model and a new intron submodel},
  author={Stanke, Mario and Waack, Stephan},
  journal={Bioinformatics},
  volume={19},
  number={suppl 2},
  pages={ii215--ii225},
  year={2003},
  publisher={Oxford Univ Press}
}

@article{eddy1998profile,
  title={Profile hidden Markov models.},
  author={Eddy, Sean R.},
  journal={Bioinformatics},
  volume={14},
  number={9},
  pages={755--763},
  year={1998},
  publisher={Oxford Univ Press}
}

@article{rabiner1989tutorial,
  title={A tutorial on hidden Markov models and selected applications in speech recognition},
  author={Rabiner, Lawrence},
  journal={Proceedings of the IEEE},
  volume={77},
  number={2},
  pages={257--286},
  year={1989},
  publisher={IEEE}
}

@inproceedings{brand1997coupled,
  title={Coupled hidden Markov models for complex action recognition},
  author={Brand, Matthew and Oliver, Nuria and Pentland, Alex},
  booktitle={Computer Vision and Pattern Recognition, 1997. Proceedings., 1997 IEEE Computer Society Conference on},
  pages={994--999},
  year={1997},
  organization={IEEE}
}

@misc{Parigi:vg,
  author = {Parigi, Abhijna Anand and Porter, Cody and Pitchers, William and Dworkin, Ian},
  title = {{The anti-predatory behavioral repertoire of \textit{Drosophila melanogaster}}},
  year = 2013,
  doi = {10.6084/m9.figshare.774612},
  url = {http://dx.doi.org/10.6084/m9.figshare.774612}
  
}


